<?xml version="1.0" encoding="UTF-8"?>
<collection xmlns:xsi="http://www.w3.org/2001/XMLSchema-instance" xsi:schemaLocation="http://www.loc.gov/MARC21/slim http://www.loc.gov/standards/marcxml/schema/MARC21slim.xsd" xmlns="http://www.loc.gov/MARC21/slim">
<record>
  <leader>00681cam a22002171  4500</leader>
  <controlfield tag="001">2683109</controlfield>
  <controlfield tag="003">NNC</controlfield>
  <controlfield tag="005">20150920222858.0</controlfield>
  <controlfield tag="008">000925s1934    ua bc         000 0 ara d</controlfield>
  <datafield tag="035" ind1=" " ind2=" ">
    <subfield code="a">(OCoLC)ocm45072915</subfield>
  </datafield>
  <datafield tag="035" ind1=" " ind2=" ">
    <subfield code="9">ARD2595CU</subfield>
  </datafield>
  <datafield tag="035" ind1=" " ind2=" ">
    <subfield code="a">(NNC)2683109</subfield>
  </datafield>
  <datafield tag="040" ind1=" " ind2=" ">
    <subfield code="a">ZCU</subfield>
    <subfield code="c">ZCU</subfield>
  </datafield>
  <datafield tag="099" ind1=" " ind2=" ">
    <subfield code="a">960.5</subfield>
    <subfield code="a">M27</subfield>
  </datafield>
  <datafield tag="100" ind1="1" ind2=" ">
    <subfield code="a">Maḥmūd, Aḥmad.</subfield>
  </datafield>
  <datafield tag="245" ind1="1" ind2="0">
    <subfield code="a">ʻUmar al-Mukhtār:</subfield>
    <subfield code="b">al-Ḥalqah al-akhīrah min al-jihād al-waṭanī fī Ṭarābulus al-Gharb.</subfield>
  </datafield>
  <datafield tag="260" ind1=" " ind2=" ">
    <subfield code="a">Miṣr,</subfield>
    <subfield code="b">ʻĪsá al-Bābī al-Ḥalabī,</subfield>
    <subfield code="c">1353 [1934]</subfield>
  </datafield>
  <datafield tag="300" ind1=" " ind2=" ">
    <subfield code="a">148 p.</subfield>
    <subfield code="b">ports., fold. map.</subfield>
  </datafield>
  <datafield tag="600" ind1="1" ind2="0">
    <subfield code="a">Mukhtār, ʻUmar,</subfield>
    <subfield code="d">1860?-1931.</subfield>
  </datafield>
  <datafield tag="651" ind1=" " ind2="0">
    <subfield code="a">Tripoli (Libya)</subfield>
    <subfield code="x">History.</subfield>
  </datafield>
  <datafield tag="955" ind1=" " ind2=" ">
    <subfield code="b">0026812193</subfield>
    <subfield code="d">glx</subfield>
    <subfield code="e">960.5 M27</subfield>
  </datafield>
</record>
</collection>